@MISC{Art03towardsa,
    author = {For Digital Art and Greg Turner and Ernest Edmonds},
    title = {Towards a Supportive Technological Environment for Digital Art},
    year = {2003}
}